<?xml version="1.0" encoding="UTF-8"?><record xmlns="http://www.loc.gov/MARC21/slim" xmlns:cinclude="http://apache.org/cocoon/include/1.0" xmlns:zs="http://www.loc.gov/zing/srw/">
  <leader>00541cz  a2200157n  4500</leader>
  <controlfield tag="001">n  82138400 </controlfield>
  <controlfield tag="003">DLC</controlfield>
  <controlfield tag="005">20090104081127.0</controlfield>
  <controlfield tag="008">821013n| acannaabn          |a aaa     c</controlfield>
  <datafield tag="010" ind1=" " ind2=" ">
    <subfield code="a">n  82138400 </subfield>
  </datafield>
  <datafield tag="035" ind1=" " ind2=" ">
    <subfield code="a">(OCoLC)oca00834551</subfield>
  </datafield>
  <datafield tag="040" ind1=" " ind2=" ">
    <subfield code="a">InU</subfield>
    <subfield code="b">eng</subfield>
    <subfield code="c">DLC</subfield>
    <subfield code="d">OCoLC</subfield>
  </datafield>
  <datafield tag="100" ind1="1" ind2=" ">
    <subfield code="a">Van Harlingen, Katherine</subfield>
  </datafield>
  <datafield tag="400" ind1="1" ind2=" ">
    <subfield code="a">Harlingen, Katherine Van</subfield>
  </datafield>
  <datafield tag="670" ind1=" " ind2=" ">
    <subfield code="a">Her An original widow's pension, or, The fugitive fortune, 1898:</subfield>
    <subfield code="b">t.p. (Katherine Van Harlingen)</subfield>
  </datafield>
  <datafield tag="670" ind1=" " ind2=" ">
    <subfield code="a">Hixon, D.L. Nineteenth-century American drama, 1977</subfield>
    <subfield code="b">(Van Harlingen, Katherine)</subfield>
  </datafield>
</record>